<?xml version="1.0" encoding="UTF-8"?>
<marc:collection xmlns:marc="http://www.loc.gov/MARC21/slim" xmlns:xsi="http://www.w3.org/2001/XMLSchema-instance" xsi:schemaLocation="http://www.loc.gov/MARC21/slim http://www.loc.gov/standards/marcxml/schema/MARC21slim.xsd">
   <marc:record type="Bibliographic">
      <marc:leader>02311cam a2200433Ma 4500</marc:leader>
      <marc:controlfield tag="001">1728335</marc:controlfield>
      <marc:controlfield tag="003">NjP</marc:controlfield>
      <marc:controlfield tag="005">20130422113201.0</marc:controlfield>
      <marc:controlfield tag="008">890508s1969    ir acf   b    001 0 ara  </marc:controlfield>
      <marc:datafield tag="024" ind1="7" ind2=" ">
         <marc:subfield code="a">princeton_aco000614</marc:subfield>
         <marc:subfield code="2">local</marc:subfield>
      </marc:datafield>
      <marc:datafield tag="010" ind1=" " ind2=" ">
         <marc:subfield code="a">   71268618  </marc:subfield>
      </marc:datafield>
      <marc:datafield tag="035" ind1=" " ind2=" ">
         <marc:subfield code="a">(OCoLC)ocm23492118</marc:subfield>
      </marc:datafield>
      <marc:datafield tag="035" ind1=" " ind2=" ">
         <marc:subfield code="9">CFR0344TS</marc:subfield>
      </marc:datafield>
      <marc:datafield tag="040" ind1=" " ind2=" ">
         <marc:subfield code="a">DLC</marc:subfield>
         <marc:subfield code="c">EYM</marc:subfield>
         <marc:subfield code="d">PUL</marc:subfield>
      </marc:datafield>
      <marc:datafield tag="041" ind1="0" ind2=" ">
         <marc:subfield code="a">ara</marc:subfield>
         <marc:subfield code="b">engper</marc:subfield>
      </marc:datafield>
      <marc:datafield tag="050" ind1=" " ind2="4">
         <marc:subfield code="a">B753</marc:subfield>
         <marc:subfield code="b">.S2 1969</marc:subfield>
      </marc:datafield>
      <marc:datafield tag="100" ind1="1" ind2=" ">
         <marc:subfield code="a">Sabzavārī, Hādī ibn Mahdī,</marc:subfield>
         <marc:subfield code="d">1797 or 1798-</marc:subfield>
      </marc:datafield>
      <marc:datafield tag="245" ind1="1" ind2="0">
         <marc:subfield code="a">Sharḥ-i Ghurar al-farāʼid maʻrūf bih-Sharḥ-i Manẓūmah-ʼi Ḥikmat, qismat-i umūr-i ʻāmmah va jawhar-i ʻarūz̤ /</marc:subfield>
         <marc:subfield code="c">Hādī Sabzavārī ; bi-taṣḥīḥ va muqaddimah va taʻlīqāt-i Mahdī Muḥaqqiq va Tūshī Hīkū Īzūtsū.</marc:subfield>
      </marc:datafield>
      <marc:datafield tag="260" ind1=" " ind2=" ">
         <marc:subfield code="a">Tihrān :</marc:subfield>
         <marc:subfield code="b">Dānishgāh-i MakGīll, Mūntriʼāl, Muʼassasah-ʼi Muṭāliʻāt-i Islāmī, Shuʻbah-ʼi Tihrān,</marc:subfield>
         <marc:subfield code="c">1969. --</marc:subfield>
      </marc:datafield>
      <marc:datafield tag="300" ind1=" " ind2=" ">
         <marc:subfield code="a">46, 679, 152 p., [2] p. of plates :</marc:subfield>
         <marc:subfield code="b">1 ill., port. ;</marc:subfield>
         <marc:subfield code="c">25 cm.</marc:subfield>
      </marc:datafield>
      <marc:datafield tag="490" ind1="1" ind2=" ">
         <marc:subfield code="a">Silsilah-ʼi dānish-i Īrānī ;</marc:subfield>
         <marc:subfield code="v">1=</marc:subfield>
         <marc:subfield code="a">Wisdom of Persia ;</marc:subfield>
         <marc:subfield code="v">1</marc:subfield>
      </marc:datafield>
      <marc:datafield tag="500" ind1=" " ind2=" ">
         <marc:subfield code="a">Title on added t.p.: Sharh-i Ghurar al-faraʼid; or, Sharh-i Manzumah; pt. 1: metaphysics/H.M.H. Sabzawari.</marc:subfield>
      </marc:datafield>
      <marc:datafield tag="500" ind1=" " ind2=" ">
         <marc:subfield code="a">"Yādbūd-i yakṣadumīn sāl-i darguz̤asht-i Sabzavārī."</marc:subfield>
      </marc:datafield>
      <marc:datafield tag="500" ind1=" " ind2=" ">
         <marc:subfield code="a">Text in Arabic; introductory matter in English and Persian.</marc:subfield>
      </marc:datafield>
      <marc:datafield tag="500" ind1=" " ind2=" ">
         <marc:subfield code="a">Comprises maqṣad 1-2 of the author's Ghurar al-farāʼid.</marc:subfield>
      </marc:datafield>
      <marc:datafield tag="504" ind1=" " ind2=" ">
         <marc:subfield code="a">Includes bibliogoraphical references and indexes.</marc:subfield>
      </marc:datafield>
      <marc:datafield tag="505" ind1="0" ind2=" ">
         <marc:subfield code="a">Ghurar al-faraʼid -- Sharḥ-i Ghurar al-farāʼid -- Ḥavāshī va-taʻlīqāt-i Sabzavārī, Hīdajī, Āmulī -- Farhang-i iṣṭilāhāt va taʻbīrāt.</marc:subfield>
      </marc:datafield>
      <marc:datafield tag="650" ind1=" " ind2="0">
         <marc:subfield code="a">Islamic philosophy.</marc:subfield>
      </marc:datafield>
      <marc:datafield tag="700" ind1="2" ind2=" ">
         <marc:subfield code="a">Hīdajī Zanjāni, Muḥammad ibn Maʻṣūm-ʻAlī.</marc:subfield>
      </marc:datafield>
      <marc:datafield tag="700" ind1="2" ind2=" ">
         <marc:subfield code="a">ʻĀmulī Tihranī, Muḥammad Taqī</marc:subfield>
      </marc:datafield>
      <marc:datafield tag="700" ind1="1" ind2=" ">
         <marc:subfield code="a">Muḥaqqiq, Mahdī.</marc:subfield>
      </marc:datafield>
      <marc:datafield tag="700" ind1="1" ind2=" ">
         <marc:subfield code="a">Izutsu, Toshihiko,</marc:subfield>
         <marc:subfield code="d">1914-1993.</marc:subfield>
      </marc:datafield>
      <marc:datafield tag="700" ind1="1" ind2="2">
         <marc:subfield code="a">Sabzavārī, Hādī ibn Mahdī,</marc:subfield>
         <marc:subfield code="d">1797 or 1798-</marc:subfield>
         <marc:subfield code="t">Ghurar al-farāʼid.</marc:subfield>
         <marc:subfield code="f">1969.</marc:subfield>
      </marc:datafield>
      <marc:datafield tag="740" ind1="0" ind2=" ">
         <marc:subfield code="a">Sharḥ-i Manẓūmah-ʼi ḥikmat.</marc:subfield>
      </marc:datafield>
      <marc:datafield tag="740" ind1="0" ind2=" ">
         <marc:subfield code="a">Sharḥ Ghurar al-farāʼid.</marc:subfield>
      </marc:datafield>
      <marc:datafield tag="740" ind1="0" ind2=" ">
         <marc:subfield code="a">Ghurar al-farāʼid.</marc:subfield>
      </marc:datafield>
      <marc:datafield tag="740" ind1="0" ind2=" ">
         <marc:subfield code="a">Sharḥ Manẓūmat ḥikmat.</marc:subfield>
      </marc:datafield>
      <marc:datafield tag="830" ind1=" " ind2="0">
         <marc:subfield code="a">Silsilah-ʼi dānish-i Īrānī ;</marc:subfield>
         <marc:subfield code="v">1.</marc:subfield>
      </marc:datafield>
      <marc:datafield tag="852" ind1="0" ind2=" ">
         <marc:subfield code="b">nec</marc:subfield>
         <marc:subfield code="h">B753.S23</marc:subfield>
         <marc:subfield code="i">S537 1969</marc:subfield>
         <marc:subfield code="p">1988894</marc:subfield>
         <marc:subfield code="x">reclassed from: 2473.879.388.1969</marc:subfield>
      </marc:datafield>
      <marc:datafield tag="947" ind1=" " ind2=" ">
         <marc:subfield code="a">CFR0344</marc:subfield>
      </marc:datafield>
      <marc:datafield tag="911" ind1=" " ind2=" ">
         <marc:subfield code="a">20000402</marc:subfield>
      </marc:datafield>
   </marc:record>
</marc:collection>
